%---------- Articles ---------------------------

@article{gabbay:nomuae,
	author = {Murdoch J. Gabbay and Aad Mathijssen},
	doi = {10.1093/logcom/exp033},
	file = {http://www.gabbay.org.uk/papers/nomuae.pdf},
	journaltitle = {Journal of Logic and Computation},
	month = {December},
	number = {6},
	pages = {1455-1508},
	title = {\href{http://www.gabbay.org.uk/papers.html\#nomuae}{Nominal universal algebra: equational logic with names and binding}},
	volume = {19},
	year = {2009}
}

@article{gabbay:nomr-jv,
	author = {Maribel Fern√°ndez and Murdoch J. Gabbay},
	doi = {10.1016/j.ic.2006.12.002},
	file = {http://www.gabbay.org.uk/papers/nomr-jv.pdf},
	journaltitle = {Information and Computation},
	month = {June},
	number = {6},
	pages = {917--965},
	title = {\href{http://www.gabbay.org.uk/papers.html\#nomr-jv}{Nominal rewriting (journal version)}},
	volume = {205},
	year = {2007}
}

@article{Ancey1996,
author = {Vale, Deivid and Coussot, Philippe and Evesque, Pierre},
journal = {Mechanics of Cohesive-frictional Materials},
number = {4},
pages = {385--403},
title = {Examination of the possibility of a fluid-mechanics treatment of dense granular flows},
url = {http://doi.wiley.com/10.1002/(SICI)1099-1484(199610)1:4<385::AID-CFM20>3.0.CO;2-0},
volume = {1},
year = {1996}
}

%-------------- Books ---------------------------
@Book{barendreft:lc,
	author = { Barendregt, H. P. },
	title = { The lambda calculus : its syntax and semantics / H.P. Barendregt },
	isbn = { 0444854908 },
	publisher = { North-Holland Pub. Co. ; sole distributors for the U.S.A. and Canada Elsevier North-Holland Amsterdam ; New York : New York },
	pages = { xiv, 615 p. : },
	year = { 1981 },
	type = { Book },
	language = { English },
	subjects = { Lambda calculus. },
	life-dates = { 1981 -  },
	catalogue-url = { https://nla.gov.au/nla.cat-vn1637588 },
}



@BOOK{RR73,
 author={H. Radjavi and P. Rosenthal},
 title={Invariant {Subspaces}},
 publisher={Springer-Verlag},
 address={New York},
 year={1973},
}

@INBOOK{SFPT,
 author={N. Dunford and J. T. Schwartz},
 title={Linear {Operators},
        {Part} {I}: {General} {Theory}},
 pages={456},
 publisher={Interscience},
 address={New York},
 year={1957},
}

% ------------------------------------------------------------------------

@MASTERSTHESIS{Sim90,
 author={A. Simoni\v{c}},
 title={Grupe Operatorjev s Pozitivnim Spektrom},
 school={Univerza v Ljubljani, FNT, Oddelek za Matematiko},
 year={1990},
}

@PHDTHESIS{Sim94,
 author={A. Simoni\v{c}},
 title={An {Extension} of {Lomonosov's} {Techniques} to {Non}-{Compact}
       {Operators}},
 school={Dalhousie University,
         Department of Mathematics, Statistics, \& Computing Science},
 year={1994},
}

@InProceedings{hullot:cfunif,
author="Hullot, Jean-Marie",
editor="Bibel, Wolfgang
and Kowalski, Robert",
title="Canonical forms and unification",
booktitle="5th Conference on Automated Deduction Les Arcs, France, July 8--11, 1980",
year="1980",
publisher="Springer Berlin Heidelberg",
address="Berlin, Heidelberg",
pages="318--334",
abstract="Fay has described in [2,3] a complete T-unification for equational theories T which possess a complete set of reductions as defined by Knuth-Bendix [12]. This algorithm relies essentially on using the narrowing process defined by Lankford [13]. In this paper, we first study the relations between narrowing and unification and we give a new version of Fay's algorithm. We then show how to eliminate many redundancies in this algorithm and give a sufficient condition for the termination of the algorithm. In a last part, we show how to extend the previous results to various kinds of canonical term rewriting systems.",
isbn="978-3-540-38140-2"
}
